@BOOK{ahlquist_game_ai08,
  AUTHOR =       {John B. Ahlquist and Jeannie Novak},
  TITLE =        {Game Artificial Intelligence},
  PUBLISHER =    {Thompson Learning},
  YEAR =         {2008},
  series =       {Game Development Essentials},
  address =      {Canada}
}

@INPROCEEDINGS{Genebot_CEC11,
  author    = {Antonio Fern{\'{a}}ndez{-}Ares and
               Antonio Miguel Mora and
               Juan Juli{\'{a}}n Merelo Guerv{\'{o}}s and
               Pablo Garc{\'{\i}}a{-}S{\'{a}}nchez and
               Carlos M. Fernandes},
  title     = {Optimizing player behavior in a real-time strategy game using evolutionary
               algorithms},
  booktitle = {Proceedings of the {IEEE} Congress on Evolutionary Computation, {CEC}
               2011, New Orleans, LA, USA, 5-8 June, 2011},
  pages     = {2017--2024},
  publisher = {{IEEE}},
  year      = {2011},

}

@inproceedings{ExpGenebot_CIG2012,
  author    = {Antonio Fern{\'a}ndez-Ares and
               Pablo Garc\'{\i}a-S{\'a}nchez and
               Antonio Miguel Mora and
               Juan J. Merelo},
  title     = {Adaptive bots for real-time strategy games via map characterization},
  booktitle = {2012 IEEE Conference on Computational Intelligence and Games,
               CIG 2012},
  publisher = {IEEE},
  year      = {2012},
  pages     = {417--721}
}

@inproceedings{Co-Genebot_EVO2014,
  author    = {Antonio Fern{\'{a}}ndez{-}Ares and
               Antonio Miguel Mora and
               Maribel Garc{\'{\i}}a Arenas and
               Juan Juli{\'{a}}n Merelo Guerv{\'{o}}s and
               Pablo Garc{\'{\i}}a{-}S{\'{a}}nchez and
               Pedro A. Castillo Valdivieso},
  title     = {Co-Evolutionary Optimization of Autonomous Agents in a Real-Time Strategy
               Game},
  booktitle = {Applications of Evolutionary Computation - 17th European Conference,
               EvoApplications 2014, Granada, Spain, April 23-25, 2014, Revised Selected
               Papers},
 editor    = {Anna Isabel Esparcia{-}Alc{\'{a}}zar and
               Antonio Miguel Mora},
  pages     = {374--385},
  series    = {Lecture Notes in Computer Science},
  volume    = {8602},
  publisher = {Springer},
  year      = {2014},

}

@inproceedings{wilcoxon:ga,
  author    = {Juan J. Merelo and
               Federico Liberatore and
               Antonio Fern{\'{a}}ndez{-}Ares and
               Rub{\'{e}}n H{\'{e}}ctor Garc{\'{\i}}a{-}Ortega and
               Zeineb Chelly and
               Carlos Cotta and
               Nuria Rico and
               Antonio Miguel Mora and
               Pablo Garc{\'{\i}}a{-}S{\'{a}}nchez},
  title     = {There is Noisy Lunch: {A} Study of Noise in Evolutionary Optimization
               Problems},
  booktitle = {Proceedings of the 7th International Joint Conference on Computational
               Intelligence {(IJCCI} 2015) - Volume 1: ECTA, Lisbon, Portugal, November
               12-14, 2015.},
  pages     = {261--268},
  publisher = {SciTePress},
  year      = {2015},

}

@book{GP_Koza92,
    author  = {J. R. Koza},
    title   = {Genetic Programming: On the programming of computers by means of natural selection},
    publisher   = {MIT Press},
    year    = 1992,
    address = {Cambridge, MA},
}

@inproceedings{Esparcia10FPS,
  author    = {Anna Isabel Esparcia-Alc{\'a}zar and
               Ana Isabel Mart\'{\i}nez-Garc\'{\i}a and
               Antonio M. Mora and
               Juan Juli{\'a}n Merelo and
               Pablo Garc\'{\i}a-S{\'a}nchez},
  title     = {Controlling bots in a First Person Shooter game using genetic
               algorithms},
  year      = {2010},
  pages     = {1-8},
  booktitle     = {Proceedings of the IEEE Congress on Evolutionary Computation,
               CEC 2010, Barcelona, Spain, 18-23 July 2010},
  publisher = {IEEE},
  bibsource = {DBLP, http://dblp.uni-trier.de}
}

@inproceedings{Lara2013review,
  author    = {Ra{\'u}l Lara-Cabrera and
               Carlos Cotta and
               Antonio J. Fern{\'a}ndez-Leiva},
  title     = {A review of computational intelligence in RTS games},
  year      = {2013},
  pages     = {114-121},
  booktitle     = {IEEE Symposium on Foundations of Computational Intelligence,
               FOCI 2013, Singapore, Singapore, April 16-19, 2013},

  publisher = {IEEE},

}

@Article{Kenneth2005neuroevolution,
title={Real-time Neuroevolution in the NERO Video Game},
author={Kenneth O. Stanley and Bobby D. Bryant and Risto Miikkulainen},
journal={IEEE Transactions on Evolutionary Computation},
publisher={IEEE},
pages={653-668},
year={2005}
}

@article{Esparcia2013GPunreal,
year={2013},
issn={1432-7643},
journal={Soft Computing},
volume={17},
number={8},
doi={10.1007/s00500-012-0965-7},
title={Fitness approximation for bot evolution in genetic programming},
publisher={Springer Berlin Heidelberg},
keywords={Computationally expensive fitness functions; Bot evolution; Fitness approximation; Similarity estimation; Genetic programming; Unreal Tournament 2004â„¢},
author={Esparcia-Alc{\'a}zar, Anna I. and Moravec, Jaroslav},
pages={1479-1487},
language={English}
}

@ARTICLE{Sipper2007gameplaying,
author={Sipper, M. and Azaria, Y. and Hauptman, A. and Shichel, Y.},
title={Designing an evolutionary strategizing machine for game playing and beyond},
journal={IEEE Transactions on Systems, Man and Cybernetics Part C: Applications and Reviews},
year={2007},
volume={37},
number={4},
pages={583-593},
}

@ARTICLE{Elyasaf2012FreeCell,
author={Elyasaf, A. and Hauptman, A. and Sipper, M.},
title={Evolutionary design of freecell solvers},
journal={IEEE Transactions on Computational Intelligence and AI in Games},
year={2012},
volume={4},
number={4},
pages={270-281},
}

@inproceedings{KeaveneyO09_GP_RTS,
  author    = {David Keaveney and
               Colm O'Riordan},
  title     = {Evolving robust strategies for an abstract real-time strategy
               game},
  booktitle = {CIG},
  year      = {2009},
  pages     = {371-378},
  ee        = {http://dx.doi.org/10.1109/CIG.2009.5286453},
  crossref  = {DBLP:conf/cig/2009},
  bibsource = {DBLP, http://dblp.uni-trier.de}
}


@inproceedings{genebot-evo12,
  author    = {Antonio Miguel Mora and
               Antonio Fern{\'{a}}ndez{-}Ares and
               Juan Juli{\'{a}}n Merelo Guerv{\'{o}}s and
               Pablo Garc{\'{\i}}a{-}S{\'{a}}nchez},
  title     = {Dealing with Noisy Fitness in the Design of a {RTS} Game Bot},
  booktitle = {Applications of Evolutionary Computation - EvoApplications 2012: EvoCOMNET,
               EvoCOMPLEX, EvoFIN, EvoGAMES, EvoHOT, EvoIASP, EvoNUM, EvoPAR, EvoRISK,
               EvoSTIM, and EvoSTOC, M{\'{a}}laga, Spain, April 11-13, 2012,
               Proceedings},
  pages     = {234--244},
  year      = {2012},
  editor    = {Cecilia Di Chio and
               Alexandros Agapitos and
               others},
  series    = {Lecture Notes in Computer Science},
  volume    = {7248},
  publisher = {Springer},
}

@CONFERENCE{keaveney_cig2009,
  author =       {David Keaveney and Colm O\'Riordan},
  title =        {Evolving Robust Strategies for an Abstract Real-Time Strategy Game},
  booktitle =    {International Symposium on Computational Intelligence in Games},
  year =         {2009\vspace{-1mm}},
  pages =        {371-378},
  address =      {Milano. Italy}
}

@article{Lara_PCG_PlanetWars14,
  author    = {Ra{\'u}l Lara-Cabrera and
               Carlos Cotta and
               Antonio Jos{\'e} Fern{\'a}ndez Leiva},
  title     = {On balance and dynamism in procedural content generation
               with self-adaptive evolutionary algorithms},
  journal   = {Natural Computing},
  volume    = {13},
  number    = {2},
  year      = {2014},
  pages     = {157-168}
}

@inproceedings{Wittkamp2007spoof,
author={Wittkamp, M. and Barone, L. and While, L.},
title={A comparison of genetic programming and look-up table learning for the game of spoof},
booktitle={Proceedings of the 2007 IEEE Symposium on Computational Intelligence and Games, CIG 2007},
year={2007},
pages={63-71},
}

@article{Mora_noisy_jcst,
  author    = {Antonio Miguel Mora and
               Antonio Fern{\'a}ndez-Ares and
               Juan J. Merelo and
               Pablo Garc\'{\i}a-S{\'a}nchez and
               Carlos M. Fernandes},
  title     = {Effect of Noisy Fitness in Real-Time Strategy Games Player
               Behaviour Optimisation Using Evolutionary Algorithms},
  journal   = {J. Comput. Sci. Technol.},
  volume    = {27},
  number    = {5},
  year      = {2012},
  pages     = {1007-1023}
}

@inproceedings{Benbassat2012Reversi,
author={Benbassat, A. and Sipper, M.},
title={Evolving both search and strategy for Reversi players using genetic programming},
booktitle={2012 IEEE Conference on Computational Intelligence and Games, CIG 2012},
year={2012},
pages={47-54},
}

@INPROCEEDINGS{Genebot-IWANN2011,
  author    = {Antonio Fern{\'{a}}ndez{-}Ares and
               Antonio Miguel Mora and
               Juan Juli{\'{a}}n Merelo Guerv{\'{o}}s and
               Pablo Garc{\'{\i}}a{-}S{\'{a}}nchez and
               Carlos M. Fernandes},
  title     = {Optimizing Strategy Parameters in a Game Bot},
  booktitle = {Advances in Computational Intelligence - 11th International Work-Conference
               on Artificial Neural Networks, {IWANN} 2011, Torremolinos-M{\'{a}}laga,
               Spain, June 8-10, 2011, Proceedings, Part {II}},
  editor    = {Joan Cabestany and
               Ignacio Rojas and
               Gonzalo Joya Caparr{\'{o}}s},
  pages     = {325--332},
  series    = {Lecture Notes in Computer Science},
  volume    = {6692},
  publisher = {Springer},
  year      = {2011},
}

@inproceedings{Mahlmann2012MapGeneration,
  author    = {Tobias Mahlmann and
               Julian Togelius and
               Georgios N. Yannakakis},
  title     = {Spicing Up Map Generation},
  booktitle = {Applications of Evolutionary Computation - EvoApplications 2012: EvoCOMNET,
               EvoCOMPLEX, EvoFIN, EvoGAMES, EvoHOT, EvoIASP, EvoNUM, EvoPAR, EvoRISK,
               EvoSTIM, and EvoSTOC, M{\'{a}}laga, Spain, April 11-13, 2012,
               Proceedings},
  pages     = {224--233},
  editor    = {Cecilia Di Chio and
               Alexandros Agapitos and
               Stefano Cagnoni and
               others},

  series    = {Lecture Notes in Computer Science},
  volume    = {7248},
  publisher = {Springer},
  year      = {2012},

}

@inproceedings{Brandstetter2012PacMan,
author={Brandstetter, M.F. and Ahmadi, S.},
title={Reactive control of Ms. Pac Man using information retrieval based on Genetic Programming},
booktitle={2012 IEEE Conference on Computational Intelligence and Games, CIG 2012},
year={2012},
pages={250-256},
art_number={6374163},
}




@misc{pathfinding_GP_RTS,
  author = {Rick Strom},
  title = {{Evolving Pathfinding Algorithms Using Genetic Programming}},
  howpublished = "\url{http://www.gamasutra.com/view/feature/131147/evolving_pathfinding_algorithms_.php?print=1}",
  year = {2014}, 
  note = "[Online; Accessed on 25/05/2014]"
}


@proceedings{DBLP:conf/cig/2009,
  editor    = {Pier Luca Lanzi},
  title     = {Proceedings of the 2009 IEEE Symposium on Computational
               Intelligence and Games, CIG 2009, Milano, Italy, 7-10 September,
               2009},
  booktitle = {CIG},
  publisher = {IEEE},
  year      = {2009},
  isbn      = {978-1-4244-4814-2},
  ee        = {http://ieeexplore.ieee.org/xpl/mostRecentIssue.jsp?punumber=5278415},
  bibsource = {DBLP, http://dblp.uni-trier.de}
}

@inproceedings{Garcia15Starcraft,
  author    = {Pablo Garc{\'{\i}}a{-}S{\'{a}}nchez and
               Alberto Paolo Tonda and
               Antonio Miguel Mora and
               Giovanni Squillero and
               Juan Juli{\'{a}}n Merelo Guerv{\'{o}}s},
  title     = {Towards automatic StarCraft strategy generation using genetic programming},
  booktitle = {2015 {IEEE} Conference on Computational Intelligence and Games, {CIG}
               2015, Tainan, Taiwan, August 31 - September 2, 2015},
  pages     = {284--291},
  year      = {2015},
}

@inproceedings{Ares14Cosecivi,
  author    = {Antonio Fern{\'{a}}ndez{-}Ares and
               Pablo Garc{\'{\i}}a{-}S{\'{a}}nchez and
               Antonio Miguel Mora and
               Pedro A. Castillo and
               Juan Juli{\'{a}}n Merelo Guerv{\'{o}}s},
  title     = {Designing competitive bots for a real time strategy game using genetic
               programming},
  booktitle = {Proceedings 1st Congreso de la Sociedad Espa{\~{n}}ola para las Ciencias
               del Videojuego, CoSECivi 2014, Barcelona, Spain, June 24, 2014.},
  pages     = {159--172},
  year      = {2014},
  editor    = {David Camacho and
               Marco Antonio G{\'{o}}mez{-}Mart{\'{\i}}n and
               Pedro Antonio Gonz{\'{a}}lez{-}Calero},
  title     = {Proceedings 1st Congreso de la Sociedad Espa{\~{n}}ola para las Ciencias
               del Videojuego, CoSECivi 2014, Barcelona, Spain, June 24, 2014},
  series    = {{CEUR} Workshop Proceedings},
  volume    = {1196},
  publisher = {CEUR-WS.org},
}

@inproceedings{Garcia14Treedepth,
  author    = {Pablo Garc{\'{\i}}a{-}S{\'{a}}nchez and
               Antonio Fern{\'{a}}ndez{-}Ares and
               Antonio Miguel Mora and
               Pedro A. Castillo Valdivieso and
               Jes{\'{u}}s Gonz{\'{a}}lez and
               Juan Juli{\'{a}}n Merelo Guerv{\'{o}}s},
  title     = {Tree Depth Influence in Genetic Programming for Generation of Competitive
               Agents for {RTS} Games},
  booktitle = {Applications of Evolutionary Computation - 17th European Conference,
               EvoApplications 2014, Granada, Spain, April 23-25, 2014, Revised Selected
               Papers},
  pages     = {411--421},
  year      = {2014},
  editor    = {Anna Isabel Esparcia{-}Alc{\'{a}}zar and
               Antonio Miguel Mora},
  title     = {Applications of Evolutionary Computation - 17th European Conference,
               EvoApplications 2014, Granada, Spain, April 23-25, 2014, Revised Selected
               Papers},
  series    = {Lecture Notes in Computer Science},
  volume    = {8602},
  publisher = {Springer},
}